@book{lind1995introduction,
  title={An introduction to symbolic dynamics and coding},
  author={Lind, Douglas and Marcus, Brian and Douglas, Lind and Brian, Marcus and others},
  year={1995},
  publisher={Cambridge university press}
}

@article{jonoska1994minimal,
  title={Minimal presentations for irreducible sofic shifts},
  author={Jonoska, Natasa and Marcus, Brian},
  journal={IEEE transactions on information theory},
  volume={40},
  number={6},
  pages={1818--1825},
  year={1994},
  publisher={IEEE}
}

@article{jonoska1996sofic,
  title={Sofic shifts with synchronizing presentations},
  author={Jonoska, Nata{\v{s}}a},
  journal={Theoretical Computer Science},
  volume={158},
  number={1-2},
  pages={81--115},
  year={1996},
  publisher={Elsevier}
}

@book{kobler2012graph,
  title={The graph isomorphism problem: its structural complexity},
  author={Kobler, Johannes and Sch{\"o}ning, Uwe and Tor{\'a}n, Jacobo},
  year={2012},
  publisher={Springer Science \& Business Media}
}

@article{weiss1973subshifts,
  title={Subshifts of finite type and sofic systems},
  author={Weiss, Benjamin},
  journal={Monatshefte f{\"u}r Mathematik},
  volume={77},
  number={5},
  pages={462--474},
  year={1973},
  publisher={Springer}
}

@article{hopcroft2001introduction,
  title={Introduction to automata theory, languages, and computation},
  author={Hopcroft, John E and Motwani, Rajeev and Ullman, Jeffrey D},
  journal={Acm Sigact News},
  volume={32},
  number={1},
  pages={60--65},
  year={2001},
  publisher={ACM New York, NY, USA}
}

@article{morse1938symbolic,
  title={Symbolic dynamics},
  author={Morse, Marston and Hedlund, Gustav A},
  journal={American Journal of Mathematics},
  volume={60},
  number={4},
  pages={815--866},
  year={1938},
  publisher={JSTOR}
}
